@online{zrodlo,
   title    =  "Jakie ślady zostawiamy w internecie?",
   url = {https://serwisy.gazetaprawna.pl/nowe-technologie/artykuly/1019082,prywatnosc-w-internecie.html},
   urldate  =  "2025-03-26",
}

@online{zrodlo2,
   title    =  "Twitter, Snapchat, Internet Rzeczy. Dane konsumenta na wyciągnięcie ręki",
   url = {https://serwisy.gazetaprawna.pl/nowe-technologie/artykuly/1017004,twitter-snapchat-iot-czyli-dane-konsumenta-na-wyciagniecie-reki-2000.html},
   urldate  =  "2025-03-26",
}

@online{zrodloDzialalnosc,
   title    =  "Co wie o nas Internet?",
   url = {https://www.infor.pl/prawo/prawa-konsumenta/konsument-w-sieci/5297247,Co-wie-o-nas-Internet.html},
   urldate  =  "2025-03-26",
}

@online{zrodloArtykul,
   author = {{Wiesław Wolny}},
   title    =  "BEZPIECZEŃSTWO I PRYWATNOŚĆ DANYCH
W BADANIACH MEDIÓW SPOŁECZNOŚCIOWYCH",
url = {https://www.google.com/url?sa=t&source=web&rct=j&opi=89978449&url=https://cejsh.icm.edu.pl/cejsh/element/bwmeta1.element.cejsh-06278ad0-d165-4b1c-8b2b-5817b3982416/c/07.pdf&ved=2ahUKEwjqnLHL35SMAxUwMRAIHewwFJAQFnoECBEQAQ&usg=AOvVaw3qYoSnGsBD_Z3EekwfDAoJ},
   urldate  =  "2025-03-26",
}

@online{zagrozeniaFirmy,
   title    =  "11 Real-Life Insider Threat Examples",
   url = {https://www.mimecast.com/blog/insider-threat-examples/},
   urldate  =  "2025-03-26",
}

@online{zagrozeniaLudzie,
   title    =  "10 times someone's online information made them unsafe in real life",
   url = {https://www.linkedin.com/pulse/10-times-someones-online-information-made-them-unsafe-bridges},
   urldate  =  "2025-03-26",
}

@online{czegoNieUdostepniac,
   title    =  "Protect yourself online: data you should never share",
   url = {https://telefonicatech.com/en/blog/data-you-should-never-share-how-to-protect-it},
   urldate  =  "2025-03-26",
}

@online{ai,
   title    =  "Things you shouldn't share with ChatGPT",
   url = {https://telefonicatech.com/en/blog/things-you-shouldnt-share-with-chatgpt},
   urldate  =  "2025-03-26",
}

@online{empik,
   title    =  "Wyciek danych klientów Empiku",
   url = {https://niebezpiecznik.pl/post/wyciek-danych-klientow-empiku/},
   urldate  =  "2025-03-30",
}

@online{pesel,
   title    =  "Zastrzeż swój numer PESEL lub cofnij zastrzeżenie",
   url = {https://www.gov.pl/web/gov/zastrzez-swoj-numer-pesel-lub-cofnij-zastrzezenie},
   urldate  =  "2025-03-30",
}

@online{PROTECTION,
   title    =  "Protect Your Personal Information From Hackers and Scammers",
   url = {https://consumer.ftc.gov/articles/protect-your-personal-information-hackers-and-scammers},
   urldate  =  "2025-04-03",
}

@online{WYCIEK,
   title    =  "Co zrobić, gdy doszło do wycieku danych osobowych?",
   url = {https://www.stockwatch.pl/wiadomosci/co-zrobic-gdy-doszlo-do-wycieku-danych-osobowych,notatki,326519},
   urldate  =  "2025-04-03",
}